@Misc{BTV_10_001,
  author = "{CMS Collaboration}",
  title = "{Commissioning of b-jet identification in CMS}",
  year = "2011",
  journal = "{CMS Physics Analysis Summary}",
  note = "CMS-PAS-BTV-11-001"
}

@article{TAGANDPROBE,
  author = "{CMS Collaboration}",
  title = "{Measurements of Inclusive W and Z Cross Sections in pp Colli- sions at $\sqrt{s}$ = 7 TeV}",
  year = "2010",
  journal = "{CMS Physics Analysis Summary}",
  note = "EWK-10-002"
}

@article{TRACKRECO,
  title = "Track Reconstruction Performance in CMS",
  journal = "Nuclear Physics B - Proceedings Supplements",
  volume = "197",
  number = "1",
  pages = "275 - 278",
  year = "2009",
  issn = "0920-5632",
  doi = "10.1016/j.nuclphysbps.2009.10.084",
  url = "http://www.sciencedirect.com/science/article/pii/S0920563209008056",
  author = "Paolo Azzurri"
}

@book{TDR,
      author       = "{G. L. Bayatian et al.}",
      title        = "CMS Physics Technical Design Report Volume I: Detector
                      Performance and Software",
      publisher    = "CERN",
      address      = "Geneva",
      series       = "Technical Design Report CMS",
      year         = "2006",
}

@Article{CMS_DETECTOR,
  author = "{CMS Collaboration}",
  title = "{The CMS Experiment at the CERN LHC}",
  journal = "JINST",
  year = "2008",
  volume = "3",
  number = "S08004"
}

@Article{Z_TAUTAU_CROSS_SECTION,
  author = "{CMS Collaboration}",
  title = "{Measurement of Inclusive W and Z Cross Sections in pp Collisions $\sqrt{s}=7TeV$}",
  year = "2011",
  journal = "JHEP",
  volume = "1",
  number = "080"
}

@Article{LUMI,
  author = "{CMS Collaboration}",
  title = "{Measurement of CMS Luminosity}",
  year = "2010",
  journal = "{CMS Physics Analysis Summary}",
  note = "EWK-10-004"
}

@article{SUSY,
  author = "{S. P. Martin}",
  title = "{A Supersymmetry Primer}",
  journal = "hep-ph",
  year = "1997"
}

@Article{HIGGS_PRODUCTION,
    author  = "{LHC Higgs Cross Section Working Group} and Dittmaier, S. and Mariotti, C. and Passarino, G. and Tanaka (Eds.), R.",
    title   = "{Handbook of LHC Higgs Cross Sections: Inclusive Observables}",
    note = "CERN-2011-002",
    year    = "2011",
    eprint  = "1101.0593",
    archivePrefix = "arXiv",
    primaryClass  = "hep-ph",
}

@Article{PARTICLE_FLOW,
  author = "{CMS Collaboration}",
  title = "{Commissioning of the particle-flow event reconstruction with leptons from J/Psi and W decays at 7 TeV}",
  journal = "{CMS Physics Analysis Summary}",
  note = "CMS-PAS-PFT-10-003",
  year = "2010"
}

@Article{POWHEG,
  author = "Frixione, Palo, Oleari",
  title = "Matching NLO QCD computations with parton shower simulations: the POWHEG method",
  journal = "JHEP",
  year = "2007",
  volume = "0711"
  pages = "070"
}

@Article{HIGGS_GLUON_POWHEG,
      author         = "Alioli, Simone and Nason, Paolo and Oleari, Carlo and Re,
                        Emanuele",
      title          = "{NLO Higgs boson production via gluon fusion matched with
                        shower in POWHEG}",
      journal        = "JHEP",
      volume         = "0904",
      pages          = "002",
      doi            = "10.1088/1126-6708/2009/04/002",
      year           = "2009",
      eprint         = "0812.0578",
      archivePrefix  = "arXiv",
      primaryClass   = "hep-ph",
}

@Article{HIGGS_VBF_POWHEG,
      author         = "Nason, Paolo and Oleari, Carlo",
      title          = "{NLO Higgs boson production via vector-boson fusion
                        matched with shower in POWHEG}",
      journal        = "JHEP",
      volume         = "1002",
      pages          = "037",
      doi            = "10.1007/JHEP02(2010)037",
      year           = "2010",
      eprint         = "0911.5299",
      archivePrefix  = "arXiv",
      primaryClass   = "hep-ph",
}

@Article{NLO_QCD,
      author         = "Nason, Paolo",
      title          = "{A New method for combining NLO QCD with shower Monte
                        Carlo algorithms}",
      journal        = "JHEP",
      volume         = "0411",
      pages          = "040",
      doi            = "10.1088/1126-6708/2004/11/040",
      year           = "2004",
      eprint         = "hep-ph/0409146",
      archivePrefix  = "arXiv",
      primaryClass   = "hep-ph",
}

@Article{NLO_QCD_2,
      author         = "Frixione, Stefano and Nason, Paolo and Oleari, Carlo",
      title          = "{Matching NLO QCD computations with Parton Shower
                        simulations: the POWHEG method}",
      journal        = "JHEP",
      volume         = "0711",
      pages          = "070",
      doi            = "10.1088/1126-6708/2007/11/070",
      year           = "2007",
      eprint         = "0709.2092",
      archivePrefix  = "arXiv",
      primaryClass   = "hep-ph",
}

@Article{POWHEG_BOX,
      author         = "Alioli, Simone and Nason, Paolo and Oleari, Carlo and Re,
                        Emanuele",
      title          = "{A general framework for implementing NLO calculations in
                        shower Monte Carlo programs: the POWHEG BOX}",
      journal        = "JHEP",
      volume         = "1006",
      pages          = "043",
      doi            = "10.1007/JHEP06(2010)043",
      year           = "2010",
      eprint         = "1002.2581",
      archivePrefix  = "arXiv",
      primaryClass   = "hep-ph",
}

@Article{PYTHIA,
     author    = "Sjostrand, Torbjorn and Lonnblad, Leif and Mrenna, Stephen
                  and Skands, Peter Z.",
     title     = "{Pythia 6.3 physics and manual}",
     year      = "2003",
     eprint    = "hep-ph/0308153",
     archivePrefix = "arXiv",
}

@Article{TAUOLA,
     author    = "Was, Z.",
     title     = "{TAUOLA the library for tau lepton decay, and
                  KKMC/KORALB/KORALZ/...  status report}",
     journal   = "Nucl. Phys. Proc. Suppl.",
     volume    = "98",
     year      = "2001",
     pages     = "96-102",
     eprint    = "hep-ph/0011305",
     archivePrefix = "arXiv",
     doi       = "10.1016/S0920-5632(01)01200-2",
}

@Article{MADGRAPH,
      author         = "Alwall, Johan and Herquet, Michel and Maltoni, Fabio and
                        Mattelaer, Olivier and Stelzer, Tim",
      title          = "{MadGraph 5 : Going Beyond}",
      journal        = "JHEP",
      volume         = "1106",
      pages          = "128",
      doi            = "10.1007/JHEP06(2011)128",
      year           = "2011",
      eprint         = "1106.0522",
      archivePrefix  = "arXiv",
      primaryClass   = "hep-ph",
}

@Article{GEANT4,
     title = "Geant4~a simulation toolkit",
     journal = "Nuclear Instruments and Methods in Physics Research Section A: Accelerators, Spectrometers, Detectors and Associated Equipment",
     volume = "506",
     number = "3",
     pages = "250 - 303",
     year = "2003",
     note = "",
     issn = "0168-9002",
     doi = "10.1016/S0168-9002(03)01368-8",
     url = "http://www.sciencedirect.com/science/article/pii/S0168900203013688",
     author = "S. Agostinelli and J. Allison and K. Amako et al."
}

@Article{VVCROSSSECTION,
     author    = "Melnikov, Kirill and Petriello, Frank",
     title     = "{Electroweak gauge boson production at hadron colliders
                  through O(alpha(s)**2)}",
     journal   = "Phys. Rev.",
     volume    = "D74",
     year      = "2006",
     pages     = "114017",
     eprint    = "hep-ph/0609070",
     archivePrefix = "arXiv",
     doi       = "10.1103/PhysRevD.74.114017",
}

@Article{TTCROSSSECTION,
  author = "{CMS Collaboration}",
  title = "Combination of top pair production cross section measurements",
  journal = "CMS Physics Analysis Summary",
  note = "CMS-PAS-TOP-11-024",
}

@Article{JETOGRAPHY,
     author    = "Salam, Gavin P.",
     title     = "{Towards Jetography}",
     journal   = "Eur. Phys. J.",
     volume    = "C67",
     year      = "2010",
     pages     = "637-686",
     eprint    = "0906.1833",
     archivePrefix = "arXiv",
     primaryClass  =  "hep-ph",
     doi       = "10.1140/epjc/s10052-010-1314-6",
}

@MISC{JETPERFORMANCE,
  author = "{CMS Collaboration}",
  title = "Jet Performance in pp Collisions at 7 TeV",
  journal = "CMS Physics Analysis Summary",
  note = "CMS-PAS-JME-10-003"
}

@Article{GLASHOW,
  author = "Sheldon Glashow",
  journal = {Nucl. Phys.},
  volume = "22",
  year = "1961",
  month = {Feb},
  pages = {579--588},
  issue = 4
}

@article{WEINBERG,
  title = {A Model of Leptons},
  author = {Weinberg, Steven},
  journal = {Phys. Rev. Lett.},
  volume = {19},
  issue = {21},
  pages = {1264--1266},
  year = {1967},
  month = {Nov},
  doi = {10.1103/PhysRevLett.19.1264},
  url = {http://link.aps.org/doi/10.1103/PhysRevLett.19.1264},
  publisher = {American Physical Society}
}

@article{SALEM,
  author = "A. Salem",
  title = "Weak and Electromagnetic Interactions",
  year = "1968",
  pages = {367-377},
  journal = {Originally printed in *Svartholm: Elementary Particle Theory, Proceedings Of The Nobel Symposium Held 1968 At Lerum, Sweden*}
}

@book{PESKIN,
  title = "An Introduction to Quantum Field Theory",
  author = "Michael Peskin and Daniel Schroeder",
  publisher = "Perseus Books",
  year = "1995",
}

@article{ASYMPTOTIC,
  author = {Cowan, Glen and Cranmer, Kyle and Gross, Eilam and Vitells, Ofer},
  affiliation = {Physics Department, Royal Holloway, University of London, Egham, TW20 0EX UK},
  title = {Asymptotic formulae for likelihood-based tests of new physics},
  journal = {The European Physical Journal C - Particles and Fields},
  publisher = {Springer Berlin / Heidelberg},
  issn = {1434-6044},
  keyword = {Physics and Astronomy},
  pages = {1-19},
  volume = {71},
  issue = {2},
  url = {http://dx.doi.org/10.1140/epjc/s10052-011-1554-0},
  note = {10.1140/epjc/s10052-011-1554-0},
  year = {2011}
}

@article{PDGREVIEW,
  author={K. Nakamura and Particle Data Group},
  title={Review of Particle Physics},
  journal={Journal of Physics G: Nuclear and Particle Physics},
  volume={37},
  number={7A},
  pages={075021},
  url={http://stacks.iop.org/0954-3899/37/i=7A/a=075021},
  year={2010},
}
	

@article{TEVHIGGS,
  title = "{Combined CDF and D0 Search for Standard Model Higgs Boson Production with up to 10.0 fb-1 of Data}",
  author = "{TEVNPH Working Group}",
  year = "2012"
}

@article{CMSHIGGS,
  author         = "Chatrchyan, Serguei and others",
  title          = "{Combined results of searches for the standard model Higgs boson in pp collisions at sqrt(s) = 7 TeV}",
  collaboration  = "CMS Collaboration",
  journal        = "Phys.Lett.",
  volume         = "B710",
  pages          = "26-48",
  year           = "2012",
  eprint         = "1202.1488",
  archivePrefix  = "arXiv",
  primaryClass   = "hep-ex",
  reportNumber   = "CMS-HIG-11-032, CERN-PH-EP-2012-023",
}

@article{RPC,
  author = "R. Santonico, A.  Di Ciaccioa and R. Santonico"
  title = "Performance of a resistive plate chamber operating with pure \ce{CF4Br}",
  journal = "Nucl. Intrum. Meth.",
  volume = "A 3333",
  issue = "2-3"
  year = "1993",
  pages = "399-403"
}

@article{HPS,
  author = "{CMS Collaboration}",
  title = "{CMS Strategies for tau reconstruction
    and identification using particle-flow techniques}",
  year = "2011",
  journal = "{CMS Physics Analysis Summary}",
  note = "PFT-08-001"
}

@article{ANTIKT,
  author={Matteo Cacciari and Gavin P. Salam and Gregory Soyez},
  title={The anti- k t jet clustering algorithm},
  journal={Journal of High Energy Physics},
  volume={2008},
  number={04},
  pages={063},
  url={http://stacks.iop.org/1126-6708/2008/i=04/a=063},
  year={2008}
}

@article {PDFUNCERTAINTY,
  author = {Martin, A. and Stirling, W. and Thorne, R. and Watt, G.},
  affiliation = {University of Durham Institute for Particle Physics Phenomenology Durham DH1 3LE UK},
  title = {Parton distributions for the LHC},
  journal = {The European Physical Journal C - Particles and Fields},
  publisher = {Springer Berlin / Heidelberg},
  issn = {1434-6044},
  keyword = {Physics and Astronomy},
  pages = {189-285},
  volume = {63},
  issue = {2},
  url = {http://dx.doi.org/10.1140/epjc/s10052-009-1072-5},
  note = {10.1140/epjc/s10052-009-1072-5},
  year = {2009}
}

@article{JETENERGYSCALE,
  author={The CMS collaboration},
  title={Determination of jet energy calibration and transverse momentum resolution in CMS},
  journal={Journal of Instrumentation},
  volume={6},
  number={11},
  pages={P11002},
  url={http://stacks.iop.org/1748-0221/6/i=11/a=P11002},
  year={2011},
  abstract={Measurements of the jet energy calibration and transverse momentum resolution in CMS are presented, performed with a data sample collected in proton-proton collisions at a centre-of-mass energy of 7TeV, corresponding to an integrated luminosity of 36pb −1 . The transverse momentum balance in dijet and γ/Z+jets events is used to measure the jet energy response in the CMS detector, as well as the transverse momentum resolution. The results are presented for three different methods to reconstruct jets: a calorimeter-based approach, the ``Jet-Plus-Track'' approach, which improves the measurement of calorimeter jets by exploiting the associated tracks, and the ``Particle Flow'' approach, which attempts to reconstruct individually each particle in the event, prior to the jet clustering, based on information from all relevant subdetectors.}
}


